<?xml version="1.0" encoding="UTF-8"?><collection xmlns="http://www.loc.gov/MARC21/slim"><record><leader>00468nam--2200157-i-4500</leader><controlfield tag="001">000031510</controlfield><controlfield tag="002">20161230</controlfield><controlfield tag="005">20161230201038</controlfield><controlfield tag="008">060222s1000------------r-----000-0-eng-d</controlfield><datafield ind1=" " ind2=" " tag="080"><subfield code="a">517.38(043.3):317.36(043)</subfield></datafield><datafield ind1=" " ind2=" " tag="100"><subfield code="a">Matkowski Janusz</subfield></datafield><datafield ind1=" " ind2=" " tag="245"><subfield code="a">Integrable solutions of functional equations</subfield></datafield><datafield ind1=" " ind2=" " tag="260"><subfield code="a">Warszawa, Panstwowe Widawnictwo Naukowe, 1975, 68p</subfield></datafield><datafield ind1=" " ind2=" " tag="490"><subfield code="a">Dissertationes Mathematicae</subfield><subfield code="v">Vol. CXXVII</subfield></datafield><datafield ind1=" " ind2=" " tag="852"><subfield code="a">7385</subfield></datafield><datafield ind1=" " ind2=" " tag="CAT"><subfield code="a">Sys</subfield><subfield code="c">20080327</subfield><subfield code="h">093104</subfield></datafield></record></collection>